<?xml version="1.0" encoding="UTF-8"?><collection xmlns="http://www.loc.gov/MARC21/slim"><record><leader>00522nam--2200181-i-4500</leader><controlfield tag="001">000016144</controlfield><controlfield tag="002">20161230</controlfield><controlfield tag="005">20161230201031</controlfield><controlfield tag="008">060222s1000------------r-----000-0-fre-d</controlfield><datafield ind1=" " ind2=" " tag="040"><subfield code="a">IFIN-HH</subfield></datafield><datafield ind1=" " ind2=" " tag="041"><subfield code="a">fre</subfield></datafield><datafield ind1=" " ind2=" " tag="080"><subfield code="a">535.317.1(043)</subfield></datafield><datafield ind1="1" ind2=" " tag="100"><subfield code="a">Dumontet, P</subfield></datafield><datafield ind1="1" ind2="0" tag="245"><subfield code="a">La correspondance objet-image en optique et possibilites de corriger certains defauts lies a la diffraction</subfield><subfield code="b">These</subfield><subfield code="c">P. dumontet</subfield></datafield><datafield ind1=" " ind2=" " tag="260"><subfield code="a">Alger</subfield><subfield code="b">Universite</subfield><subfield code="c">1958</subfield></datafield><datafield ind1=" " ind2=" " tag="300"><subfield code="a">132P</subfield></datafield><datafield ind1=" " ind2=" " tag="852"><subfield code="a">77081</subfield><subfield code="c">535</subfield></datafield><datafield ind1=" " ind2=" " tag="CAT"><subfield code="a">Sys</subfield><subfield code="c">20110126</subfield><subfield code="h">140658</subfield></datafield></record></collection>